@online{Udacity,
  author = {Facebook artificial Intelligence},
  title = {Intro to Deep Learning with PyTorch},
  year = 2019,
  url = {https://www.udacity.com/course/deep-learning-pytorch--ud188},
  urldate = {2020-04-19}
}

@online{Udemy,
  author = {Jose Portilla},
  title = {Complete guide to Tensorflow with for deeplearning with Python},
  year = 2020,
  url = {https://www.udemy.com/course/complete-guide-to-tensorflow-for-deep-learning-with-python/},
  urldate = {2020-05-07}
}

@online{Gru,
  author = {Michael Guerzhoy},
  title = {CSC321: Intro to Machine Learning and Neural Networks},
  year = 2016,
  url = {http://www.cs.toronto.edu/~guerzhoy/321/lec/W09/rnn_gated.pdf},
  urldate = {2020-05-07}
}