@online{Udacity,
  author = {Facebook artificial Intelligence},
  title = {Intro to Deep Learning with PyTorch},
  year = 2019,
  url = {https://www.udacity.com/course/deep-learning-pytorch--ud188},
  urldate = {2020-04-19}
}

@INPROCEEDINGS{7780634,
  author={L. A. {Gatys} and A. S. {Ecker} and M. {Bethge}},
  booktitle={2016 IEEE Conference on Computer Vision and Pattern Recognition (CVPR)}, 
  title={Image Style Transfer Using Convolutional Neural Networks}, 
  year={2016},
  volume={},
  number={},
  pages={2414-2423},}

