@online{Udacity,
  author = {Facebook artificial Intelligence},
  title = {Intro to Deep Learning with PyTorch},
  year = 2019,
  url = {https://www.udacity.com/course/deep-learning-pytorch--ud188},
  urldate = {2020-05-10}
}

@online{Udemy,
  author = {Jose Portilla},
  title = {Complete guide to Tensorflow with for deeplearning with Python},
  year = 2020,
  url = {https://www.udemy.com/course/complete-guide-to-tensorflow-for-deep-learning-with-python/},
  urldate = {2020-05-07}
}

@online{TowardsD,
  author = {Divyanshu Mishra},
  title = {Transposed Convolution Demystified},
  year = 2020,
  url = {https://towardsdatascience.com/transposed-convolution-demystified-84ca81b4baba},
  urldate = {2020-05-11}
}

@online{TowardsDS,
  author = {Aqeel Anwar},
  title = {What is Transposed Convolutional Layer?},
  year = 2020,
  url = {https://towardsdatascience.com/what-is-transposed-convolutional-layer-40e5e6e31c11},
  urldate = {2020-05-11}
}