@book{Sutton1998,
  added-at = {2019-07-13T10:11:53.000+0200},
  author = {Sutton, Richard S. and Barto, Andrew G.},
  biburl = {https://www.bibsonomy.org/bibtex/2f46601cf8b13d39d1378af0d79438b12/lanteunis},
  edition = {Second},
  interhash = {ac6b144aaec1819919a2fba9f705c852},
  intrahash = {f46601cf8b13d39d1378af0d79438b12},
  keywords = {},
  publisher = {The MIT Press},
  timestamp = {2019-07-13T10:11:53.000+0200},
  title = {Reinforcement Learning: An Introduction},
  url = {},
  year = {2018 }
}

@online{Coursera,
  author = {University of Alberta},
  title = {A Complete Reinforcement Learning System (Capstone)},
  year = 2019,
  url = {https://www.coursera.org/learn/complete-reinforcement-learning-system},
  urldate = {2020-03-19}
}